<record><leader>00000cas a2200000 a 4500</leader><controlfield tag="001">19226854</controlfield><controlfield tag="008">890216d19481949tnuwr ne      0    0eng d</controlfield><datafield ind1=" " ind2=" " tag="010"><subfield code="a">sn 89058312 </subfield></datafield><datafield ind1=" " ind2=" " tag="040"><subfield code="a">KNP</subfield><subfield code="b">eng</subfield><subfield code="c">KNP</subfield><subfield code="d">TGN</subfield><subfield code="d">OCL</subfield><subfield code="d">OCLCQ</subfield><subfield code="d">OCLCF</subfield><subfield code="d">OCLCO</subfield></datafield><datafield ind1=" " ind2=" " tag="042"><subfield code="a">msc</subfield></datafield><datafield ind1=" " ind2=" " tag="043"><subfield code="a">n-us-tn</subfield></datafield><datafield ind1="0" ind2="4" tag="245"><subfield code="a">The Cumberland sun.</subfield></datafield><datafield ind1="1" ind2=" " tag="246"><subfield code="i">Issue for Jan. &lt;29&gt;, 1948 has title:</subfield><subfield code="a">You name it</subfield></datafield><datafield ind1=" " ind2=" " tag="260"><subfield code="a">Tracy City, Tenn. :</subfield><subfield code="b">Cumberland Industries,</subfield><subfield code="c">-1949.</subfield></datafield><datafield ind1=" " ind2=" " tag="300"><subfield code="a">v. :</subfield><subfield code="b">ill.</subfield></datafield><datafield ind1=" " ind2=" " tag="310"><subfield code="a">Weekly</subfield></datafield><datafield ind1="1" ind2=" " tag="362"><subfield code="a">Began with Jan. 22, 1948 issue.</subfield></datafield><datafield ind1="0" ind2=" " tag="362"><subfield code="a">-v. 2, no. 46 (Dec. 8, 1949).</subfield></datafield><datafield ind1=" " ind2=" " tag="500"><subfield code="a">Published as: You name it, Jan. &lt;29&gt;, 1948 as part of a contest to name the newspaper.</subfield></datafield><datafield ind1=" " ind2=" " tag="500"><subfield code="a">Publishers: Cumberland Industries, Jan. &lt;29&gt;, 1948-Aug. 25, 1949; Cumberland Sun Pub. Co., Sept. 1-Dec. 8, 1949.</subfield></datafield><datafield ind1=" " ind2=" " tag="500"><subfield code="a">Editors: George F. Murray, Jan. &lt;29&gt;, 1948-July 21, 1949; W.G. Mullican, July 28-Dec. 8, 1949.</subfield></datafield><datafield ind1=" " ind2=" " tag="588"><subfield code="a">Description based on: Vol. 1, no. 2 (Jan. 29, 1948).</subfield></datafield><datafield ind1=" " ind2="0" tag="651"><subfield code="a">Tracy City (Tenn.)</subfield><subfield code="v">Newspapers.</subfield></datafield><datafield ind1=" " ind2="0" tag="651"><subfield code="a">Grundy County (Tenn.)</subfield><subfield code="v">Newspapers.</subfield></datafield><datafield ind1=" " ind2="7" tag="655"><subfield code="a">Newspapers.</subfield><subfield code="2">fast</subfield><subfield code="0">(OCoLC)fst01423814</subfield></datafield><datafield ind1=" " ind2="7" tag="651"><subfield code="a">Tennessee</subfield><subfield code="z">Grundy County.</subfield><subfield code="2">fast</subfield><subfield code="0">(OCoLC)fst01203199</subfield></datafield><datafield ind1=" " ind2="7" tag="651"><subfield code="a">Tennessee</subfield><subfield code="z">Tracy City.</subfield><subfield code="2">fast</subfield><subfield code="0">(OCoLC)fst01284420</subfield></datafield><datafield ind1=" " ind2=" " tag="752"><subfield code="a">United States</subfield><subfield code="b">Tennessee</subfield><subfield code="c">Grundy</subfield><subfield code="d">Tracy City.</subfield></datafield></record>